
@Book{boulanger00:csound,
  editor =    {Boulanger, Richard},
  title =        {The Csound Book},
  publisher =    {Mit Press},
  year =         2000}

@Book{roads96:cmt,
  author =    {Curts Roads},
  title =        {The Computer Music Tutorial},
  publisher =    {MIT Press},
  year =         1996,
  address =   {Massachussets}}

@Book{winkler93:composing,
  author =    {WINKLER, Todd},
  title =        {Composing Interactive Music - Techniques and ideas using Max},
  publisher =    {MIT Press},
  year =         1993,
  address =   {Massachussets}}

@Book{zampronha00:notacao,
  author =    {ZAMPRONHA, Edson},
  title =        {Notação, Representação e Composição - Um novo paradigma da escritura musical},
  publisher =    {Annablume/Fapesp},
  year =         2000,
  address =   {São Paulo}}

@InProceedings{puckette04:divide,
  author =       {Puckette, Miller},
  title =        {A divide between 'compositional' and 'performative' aspects of Pd},
  booktitle = {Proceedings of the First Pd convention},
  year =      2004}

@Unpublished{farnell07:_compos_in_pured,
  author =       {Farnell, Andy},
  title =        {Composition in Puredata 1},
  note =         {Acessado em 25 de maio de 2007, em: \url{http://www.obiwannabe.co.uk/html/music/musictuts/compose1/composition1/composition1.html}},
  year =      2007}

