@Article{xenakis96:determinacy,
author = {I. Xenakis},
title = {Determinacy and indeterminacy},
journal = {Organised Sound},
year = {1996},
volume = {1},
number = {3},
month = {December},
note = {Cambridge University Press}
}

@Book{rowe93:interactive,
  author =    {Robert Rowe},
  title =        {Interactive Music Systems},
  publisher =    {Cambridge, MA: The MIT Press},
  year =         {1993}
}
@InProceedings{eigenfeld07:drum,
author = {A. Eigenfeld},
title = {Drum Circle: Intelligent agents in Max/MSP},
booktitle = {Proceedings of the ICMC 2007},
year = {2007},
address = {Copenhagen}
}
@InProceedings{assayag06:omax,
author = {G. Assayag and G. Bloch and M. Chemillier and A. Cont and S. Dubnov},
title = {Omax Brothers: A Dynamic Topology of Agents for Improvisation Learning},
booktitle = {ACM Multimedia Workshop on Audio and Music Computing for Multimedia},
year = {2006}
}
@Article{garnett:2001,
 author = {Guy E. Garnett},
 title = {The Aesthetics of Interactive Computer Music},
 journal = {Computer Music Journal},
 year = {2001},
volume = {25},
number = {1},
pages = {21-33}
}

@Article{lippe:2002,
 author = {Cort Lippe},
 title = {Real time Interaction Among Composers, Performers, and Computer Systems},
 journal = {Computer Music Journal},
 year = {2001},
volume = {25},
number = {1},
pages = {21-33}
}
@Book{winkler93:interactive,
  author =    {Todd Winkler},
  title =        {Composing Interactive Music – Techniques and ideas using Max},
  publisher =    {MIT Press -  Massachussets},
  year =         {1993}
}
@Book{norman06:design,
 title = {O Design do dia –a-dia},
 publisher = {Rocco},
 year = {2006},
 author = {Donald Norman}}

@Article{azuma97:ar,
 author = {Ronald T. Azuma},
 title = {A Survey of Augmented Reality},
 journal = {Teleoperators and Virtual Environments},
 year = {1997},
volume = {6},
number = {4},
pages = {355-385},
month = {august}
}
@InProceedings{kapur07:integrating,
author = {A. Kapur and E. Singer and M. S. Benning and G. Tzanetakis},
title = {Integrating hyperinstruments, musical robots and machine musicianship for North Indian classical music},
booktitle = {Proceedings of NIME 2007},
year = {2007},
pages = {238-241}
}
@PhdThesis{pestova:tese,
 author = {Xenia Pestova},
 title = {Models of Interaction in Works for Piano and Live Electronics},
 school = {Schulich School of Music, McGill University},
 year = {2008},
  OPTaddress = {Montreal, Quebec},
 OPTmonth = {},
 OPTnote = {},
 OPTannote = {},
 OPTurl = {},
 OPTdoi = {},
 OPTissn = {},
 OPTlocalfile = {},
 OPTabstract = {},
}
@Unpublished{ligeti58:transformacoes,
author = {G. Ligeti},
title = {Transformações da Forma Musical},
year = {1958},
note = {In: Die Reihe (revista) nov/dez 1958. Tradução para português: Conrado Silva (1971)}
}
@Article{schachter07:discourse,
 author = {Daniel Schachter},
 title = {Towards new models for the construction of interactive eletroacoustic music discourse},
 journal = {Organised Sound},
 year = {2007},
 volume = {12},
 number = {1},
 pages = {67-78},
}

@Book{leman96:gestalt,
 title = {Music, Gestalt, and computing: studies in cognitive and systematic musicology.},
 publisher = {Springer Verlag},
 year = {1996},
 author = {Marc Leman}
 }


@Book{ emmersonsimon:86,
author = { Emmerson, Simon },
title = { The Language of electroacoustic music / edited by Simon Emmerson },
isbn = { 0333397592 0333397606 },
publisher = { Macmillan },
year = { 1986 },
address = {London},
type = { Book },
language = { English },
subjects = { Electronic music - History and criticism.; Musique concrete - History and criticism. },
life-dates = { 1986  },
catalogue-url = { http://nla.gov.au/nla.cat-vn607597 },
}
